<?xml version="1.0" encoding="UTF-8"?>
<record xmlns="http://www.loc.gov/MARC21/slim" xmlns:zs="http://docs.oasis-open.org/ns/search-ws/sruResponse">
 <leader>
  10147cpcaa22018857a 4500
 </leader>
 <controlfield tag="001">
  16938308
 </controlfield>
 <controlfield tag="005">
  20220707094147.0
 </controlfield>
 <controlfield tag="008">
  110829i19041986bl                  por
 </controlfield>
 <datafield ind1=" " ind2=" " tag="906">
  <subfield code="a">
   7
  </subfield>
  <subfield code="b">
   cbc
  </subfield>
  <subfield code="c">
   orignew
  </subfield>
  <subfield code="d">
   u
  </subfield>
  <subfield code="e">
   ncip
  </subfield>
  <subfield code="f">
   20
  </subfield>
  <subfield code="g">
   y-folklife
  </subfield>
 </datafield>
 <datafield ind1=" " ind2=" " tag="955">
  <subfield code="a">
   mkru 2011-08-29
  </subfield>
  <subfield code="a">
   mkru 2017-10-03
  </subfield>
  <subfield code="a">
   mkru 2017-10-16
  </subfield>
  <subfield code="a">
   mkru 2017-11-15
  </subfield>
  <subfield code="a">
   mkru 2017-11-20
  </subfield>
 </datafield>
 <datafield ind1=" " ind2=" " tag="010">
  <subfield code="a">
   2011655401
  </subfield>
 </datafield>
 <datafield ind1=" " ind2=" " tag="040">
  <subfield code="a">
   DLC eng
  </subfield>
  <subfield code="e">
   dacs
  </subfield>
  <subfield code="c">
   DLC
  </subfield>
  <subfield code="d">
   DLC
  </subfield>
 </datafield>
 <datafield ind1="0" ind2=" " tag="041">
  <subfield code="a">
   por
  </subfield>
  <subfield code="a">
   spa
  </subfield>
  <subfield code="a">
   eng
  </subfield>
  <subfield code="a">
   ger
  </subfield>
  <subfield code="a">
   fre
  </subfield>
 </datafield>
 <datafield ind1=" " ind2=" " tag="043">
  <subfield code="a">
   s------
  </subfield>
  <subfield code="a">
   s-bl---
  </subfield>
 </datafield>
 <datafield ind1=" " ind2=" " tag="090">
  <subfield code="a">
   AFC 2005/008
  </subfield>
 </datafield>
 <datafield ind1="0" ind2="0" tag="245">
  <subfield code="a">
   Luiz Heitor Corrêa de Azevedo collection on Latin American folklore,
  </subfield>
  <subfield code="f">
   1904-1986
  </subfield>
  <subfield code="g">
   (bulk 1940-1960).
  </subfield>
 </datafield>
 <datafield ind1=" " ind2="0" tag="264">
  <subfield code="a">
   1904-1986.
  </subfield>
 </datafield>
 <datafield ind1=" " ind2=" " tag="300">
  <subfield code="a">
   174 items (books and pamphlets)
  </subfield>
 </datafield>
 <datafield ind1=" " ind2=" " tag="300">
  <subfield code="a">
   7
  </subfield>
  <subfield code="f">
   boxes.
  </subfield>
 </datafield>
 <datafield ind1=" " ind2=" " tag="300">
  <subfield code="a">
   3.5 linear feet.
  </subfield>
 </datafield>
 <datafield ind1=" " ind2=" " tag="545">
  <subfield code="a">
   Luiz Heitor Corrêa de Azevedo (1905-1992), Brazilian musicologist, folklorist, and composer.
  </subfield>
 </datafield>
 <datafield ind1=" " ind2=" " tag="520">
  <subfield code="a">
   Comprises a collection of publications pertaining to Latin American folklore and musical traditions from the library of Luiz Heitor Corrêa de Azevedo, Brazilian folklorist and musicologist. The collection includes monographs, articles, bibliographies, conference proceedings, and other publications about folk music, musical instruments, popular music, dance, folklore, food traditions, proverbs, children's folklore, traditional and folk medicine, folk drama, local religious celebrations (including Christmas, Epiphany, and Easter) and devotions to various saints, Cuban santeria, Afro-Brazilian traditions, and anthropological studies of indigenous people of Brazil, among other topics. Publications are predomiantly about Brazilian culture but include significant works on folk culture in Argentina, Bolivia, Chile, Colombia, Cuba, Ecuador, Mexico, Paraguay, Puerto Rico, Uruguay, and Venezuela.
  </subfield>
 </datafield>
 <datafield ind1="8" ind2=" " tag="524">
  <subfield code="a">
   Luiz Heitor Corrêa de Azevedo collection on Latin American folklore (AFC 2005/008), Archive of Folk Culture, American Folklife Center, Library of Congress, Washington, D.C.
  </subfield>
 </datafield>
 <datafield ind1="0" ind2=" " tag="506">
  <subfield code="a">
   Collection is open for reseach. To request materials, please contact the Folklife Reading Room at
  </subfield>
  <subfield code="u">
   http://hdl.loc.gov/loc.afc/folklife.contact
  </subfield>
 </datafield>
 <datafield ind1=" " ind2=" " tag="540">
  <subfield code="a">
   Duplication of the collection materials may be governed by copyright and other restrictions.
  </subfield>
 </datafield>
 <datafield ind1=" " ind2=" " tag="541">
  <subfield code="a">
   Hispanic Division;
  </subfield>
  <subfield code="c">
   Transfer;
  </subfield>
  <subfield code="d">
   2005.
  </subfield>
 </datafield>
 <datafield ind1="1" ind2=" " tag="544">
  <subfield code="a">
   Related collections of audio recordings and a photograph album created by Luiz Heitor Corrêa de Azevedo and others are in the American Folklife Center, Library of Congress:  Luiz Heitor Corrêa de Azevedo and E. Nogueira França recordings from Goiânia, Brazil (AFC 1943/015); Luiz Heitor Corrêa de Azevedo and E. Nogueira França recordings from Ceará, Brazil (AFC 1945/008); Luiz Heitor Corrêa de Azevedo and E. Silva Novo collection of folksongs of Minas Gerais, Brazil (AFC 1948/002); and Luiz Heitor Corrêa de Azevedo photograph album (AFC 2017/046).
  </subfield>
 </datafield>
 <datafield ind1="1" ind2=" " tag="544">
  <subfield code="a">
   Related papers, including correspondence, are in the Luiz Heitor Corrêa de Azevedo collection, Music Division, Library of Congress.
  </subfield>
 </datafield>
 <datafield ind1=" " ind2=" " tag="545">
  <subfield code="a">
   Luiz Heitor Corrêa de Azevedo (1905-1992) is recognized as the most significant Brazilian musicologist of the twentieth century. As a professor and composer, he taught at major French, Latin American, and American universities. Azevedo worked with the Department of Cultural Affairs within UNESCO, and served as Chief of the Cooperation Services with International Cultural Organizations. The International Music Council (IMC), a UNESCO supported global network of experts working in the field of music, made him a Member of Honour, and he was awarded the UNESCO/International Music Council Music Prize in 1977.  Azevedo's involvement in folk culture began in 1937, leading to a chair in National Folklore at Rio de Janeiro's National Institute of Music. In 1941, he visited Washington, D.C., as a guest of the Pan-American Union, and returned to Brazil with recording equipment loaned to him by the Library of Congress. He undertook expeditions throughout Brazil to document the variety of Brazilian folk music. These collections of recordings are now part of the Archive of Folk Culture at the American Folklife Center, Library of Congress.
  </subfield>
 </datafield>
 <datafield ind1=" " ind2=" " tag="546">
  <subfield code="a">
   Primarily in Portuguese, also in Spanish, English, French, and German.
  </subfield>
 </datafield>
 <datafield ind1="0" ind2=" " tag="555">
  <subfield code="a">
   Finding aid including annotated bibliography of titles in the collection is available online
  </subfield>
  <subfield code="u">
   http://hdl.loc.gov/loc.afc/eadafc.af017004
  </subfield>
 </datafield>
 <datafield ind1="1" ind2="0" tag="600">
  <subfield code="a">
   Teixeira, Humberto.
  </subfield>
 </datafield>
 <datafield ind1="1" ind2="0" tag="600">
  <subfield code="a">
   Almeida, Aluísio de.
  </subfield>
 </datafield>
 <datafield ind1="1" ind2="0" tag="600">
  <subfield code="a">
   Almeida, Renato.
  </subfield>
 </datafield>
 <datafield ind1="1" ind2="0" tag="600">
  <subfield code="a">
   Alvarenga, Oneyda.
  </subfield>
 </datafield>
 <datafield ind1="1" ind2="0" tag="600">
  <subfield code="a">
   Amorim, José Pimentel de.
  </subfield>
 </datafield>
 <datafield ind1="1" ind2="0" tag="600">
  <subfield code="a">
   Andrade, Mário de,
  </subfield>
  <subfield code="d">
   1893-1945.
  </subfield>
 </datafield>
 <datafield ind1="1" ind2="0" tag="600">
  <subfield code="a">
   Araújo, Alceu Maynard.
  </subfield>
 </datafield>
 <datafield ind1="1" ind2="0" tag="600">
  <subfield code="a">
   Aretz, Isabel.
  </subfield>
 </datafield>
 <datafield ind1="1" ind2="0" tag="600">
  <subfield code="a">
   Avila, Floriano Maya d'
  </subfield>
 </datafield>
 <datafield ind1="1" ind2="0" tag="600">
  <subfield code="a">
   Azambuja, Darcy,
  </subfield>
  <subfield code="d">
   1901-1970.
  </subfield>
 </datafield>
 <datafield ind1="1" ind2="0" tag="600">
  <subfield code="a">
   Azevedo, Fernando Corrêa de.
  </subfield>
 </datafield>
 <datafield ind1="1" ind2="0" tag="600">
  <subfield code="a">
   Bastos, Rafael José de Menezes.
  </subfield>
 </datafield>
 <datafield ind1="1" ind2="0" tag="600">
  <subfield code="a">
   Bécker, Zahara Zaffaroni
  </subfield>
 </datafield>
 <datafield ind1="1" ind2="0" tag="600">
  <subfield code="a">
   Bettencourt, Gastão de,
  </subfield>
  <subfield code="d">
   1894-1962.
  </subfield>
 </datafield>
 <datafield ind1="1" ind2="0" tag="600">
  <subfield code="a">
   Bezerra, Eduardo
  </subfield>
 </datafield>
 <datafield ind1="1" ind2="0" tag="600">
  <subfield code="a">
   Boglár, Lajos
  </subfield>
 </datafield>
 <datafield ind1="1" ind2="0" tag="600">
  <subfield code="a">
   Brăiloiu, Constantin,
  </subfield>
  <subfield code="d">
   1893-1958.
  </subfield>
 </datafield>
 <datafield ind1="1" ind2="0" tag="600">
  <subfield code="a">
   Brandão, Geraldo.
  </subfield>
 </datafield>
 <datafield ind1="1" ind2="0" tag="600">
  <subfield code="a">
   Brandão, Théo.
  </subfield>
 </datafield>
 <datafield ind1="1" ind2="0" tag="600">
  <subfield code="a">
   Brasileiro, Francisco.
  </subfield>
 </datafield>
 <datafield ind1="1" ind2="0" tag="600">
  <subfield code="a">
   Carvalho Neto, Paulo de,
  </subfield>
  <subfield code="d">
   1923-2003.
  </subfield>
 </datafield>
 <datafield ind1="1" ind2="0" tag="600">
  <subfield code="a">
   Carneiro, Edison.
  </subfield>
 </datafield>
 <datafield ind1="1" ind2="0" tag="600">
  <subfield code="a">
   Cascudo, Luís da Câmara,
  </subfield>
  <subfield code="d">
   1898-1986.
  </subfield>
 </datafield>
 <datafield ind1="1" ind2="0" tag="600">
  <subfield code="a">
   Castro, Zaíde Maciel de.
  </subfield>
 </datafield>
 <datafield ind1="1" ind2="0" tag="600">
  <subfield code="a">
   Côrtes, J. C. Paixão.
  </subfield>
 </datafield>
 <datafield ind1="1" ind2="0" tag="600">
  <subfield code="a">
   Coruja, Antônio Alvares Pereira,
  </subfield>
  <subfield code="d">
   1806-1889.
  </subfield>
 </datafield>
 <datafield ind1="1" ind2="0" tag="600">
  <subfield code="a">
   Echenique, Sylvio da Cunha.
  </subfield>
 </datafield>
 <datafield ind1="1" ind2="0" tag="600">
  <subfield code="a">
   Eduardo, Octavio de Costa,
  </subfield>
  <subfield code="d">
   1919-
  </subfield>
 </datafield>
 <datafield ind1="1" ind2="0" tag="600">
  <subfield code="a">
   Ferreira, Ascenso,
  </subfield>
  <subfield code="d">
   1895-1965.
  </subfield>
 </datafield>
 <datafield ind1="1" ind2="0" tag="600">
  <subfield code="a">
   Ferretti, Sérgio Figueiredo.
  </subfield>
 </datafield>
 <datafield ind1="1" ind2="0" tag="600">
  <subfield code="a">
   Geisel, Amália Lucy.
  </subfield>
 </datafield>
 <datafield ind1="1" ind2="0" tag="600">
  <subfield code="a">
   Gomes, André da Silva,
  </subfield>
  <subfield code="d">
   1752-1844.
  </subfield>
 </datafield>
 <datafield ind1="1" ind2="0" tag="600">
  <subfield code="a">
   Gonçalves, Martin.
  </subfield>
 </datafield>
 <datafield ind1="1" ind2="0" tag="600">
  <subfield code="a">
   Halmos, István.
  </subfield>
 </datafield>
 <datafield ind1="1" ind2="0" tag="600">
  <subfield code="a">
   Herrera, Ataliva,
  </subfield>
  <subfield code="d">
   1888-1953.
  </subfield>
 </datafield>
 <datafield ind1="1" ind2="0" tag="600">
  <subfield code="a">
   Hessel, Lothar,
  </subfield>
  <subfield code="d">
   1915-
  </subfield>
 </datafield>
 <datafield ind1="1" ind2="0" tag="600">
  <subfield code="a">
   Hornbostel, Erich Moritz von,
  </subfield>
  <subfield code="d">
   1877-1935.
  </subfield>
 </datafield>
 <datafield ind1="1" ind2="0" tag="600">
  <subfield code="a">
   Lamas, Dulce Martins.
  </subfield>
 </datafield>
 <datafield ind1="1" ind2="0" tag="600">
  <subfield code="a">
   Laytano, Dante de.
  </subfield>
 </datafield>
 <datafield ind1="1" ind2="0" tag="600">
  <subfield code="a">
   León, Argeliers.
  </subfield>
 </datafield>
 <datafield ind1="1" ind2="0" tag="600">
  <subfield code="a">
   Lessa, Luís Carlos Barbosa.
  </subfield>
 </datafield>
 <datafield ind1="1" ind2="0" tag="600">
  <subfield code="a">
   Linares, María Teresa.
  </subfield>
 </datafield>
 <datafield ind1="1" ind2="0" tag="600">
  <subfield code="a">
   Lima, Rossini Tavares de.
  </subfield>
 </datafield>
 <datafield ind1="1" ind2="0" tag="600">
  <subfield code="a">
   Machado, Propício da Silveira.
  </subfield>
 </datafield>
 <datafield ind1="1" ind2="0" tag="600">
  <subfield code="a">
   Magalhães, Basílio de,
  </subfield>
  <subfield code="d">
   1874-1957.
  </subfield>
 </datafield>
 <datafield ind1="1" ind2="0" tag="600">
  <subfield code="a">
   Martínez Furé, Rogelio,
  </subfield>
  <subfield code="d">
   1937-
  </subfield>
 </datafield>
 <datafield ind1="1" ind2="0" tag="600">
  <subfield code="a">
   Martins, Saul.
  </subfield>
 </datafield>
 <datafield ind1="1" ind2="0" tag="600">
  <subfield code="a">
   Melo, Veríssimo de.
  </subfield>
 </datafield>
 <datafield ind1="1" ind2="0" tag="600">
  <subfield code="a">
   Mendoza, Vicente T.,
  </subfield>
  <subfield code="d">
   1894-1964.
  </subfield>
 </datafield>
 <datafield ind1="1" ind2="0" tag="600">
  <subfield code="a">
   Miranda, Nicanor.
  </subfield>
 </datafield>
 <datafield ind1="1" ind2="0" tag="600">
  <subfield code="a">
   Mussolini, Gioconda.
  </subfield>
 </datafield>
 <datafield ind1="1" ind2="0" tag="600">
  <subfield code="a">
   Neves, Guilherme Santos.
  </subfield>
 </datafield>
 <datafield ind1="1" ind2="0" tag="600">
  <subfield code="a">
   Oliveira, Clovis de.
  </subfield>
 </datafield>
 <datafield ind1="1" ind2="0" tag="600">
  <subfield code="a">
   Pardo Tovar, Andrés,
  </subfield>
  <subfield code="d">
   1911-1972.
  </subfield>
 </datafield>
 <datafield ind1="1" ind2="0" tag="600">
  <subfield code="a">
   Parreira, Roberto.
  </subfield>
 </datafield>
 <datafield ind1="1" ind2="0" tag="600">
  <subfield code="a">
   Pereira Salas, Eugenio,
  </subfield>
  <subfield code="d">
   1904-1979.
  </subfield>
 </datafield>
 <datafield ind1="1" ind2="0" tag="600">
  <subfield code="a">
   Piazza, Walter F.
  </subfield>
  <subfield code="q">
   (Walter Fernando),
  </subfield>
  <subfield code="d">
   1925-
  </subfield>
 </datafield>
 <datafield ind1="1" ind2="0" tag="600">
  <subfield code="a">
   Pimentel, Altimar de Alencar,
  </subfield>
  <subfield code="d">
   1936-
  </subfield>
 </datafield>
 <datafield ind1="1" ind2="0" tag="600">
  <subfield code="a">
   Pinto, Alexina de Magalhães
  </subfield>
 </datafield>
 <datafield ind1="1" ind2="0" tag="600">
  <subfield code="a">
   Plath, Oreste,
  </subfield>
  <subfield code="d">
   1907-
  </subfield>
 </datafield>
 <datafield ind1="1" ind2="0" tag="600">
  <subfield code="a">
   Querino, Manuel,
  </subfield>
  <subfield code="d">
   1851-1923.
  </subfield>
 </datafield>
 <datafield ind1="1" ind2="0" tag="600">
  <subfield code="a">
   Ramón y Rivera, Luis Felipe,
  </subfield>
  <subfield code="d">
   1913-1994.
  </subfield>
 </datafield>
 <datafield ind1="1" ind2="0" tag="600">
  <subfield code="a">
   Ribeiro, Darcy.
  </subfield>
 </datafield>
 <datafield ind1="1" ind2="0" tag="600">
  <subfield code="a">
   Ribeiro, Luís da Silva,
  </subfield>
  <subfield code="d">
   1882-1955.
  </subfield>
 </datafield>
 <datafield ind1="1" ind2="0" tag="600">
  <subfield code="a">
   Ribeiro, Maria de Lourdes Borges.
  </subfield>
 </datafield>
 <datafield ind1="1" ind2="0" tag="600">
  <subfield code="a">
   Schmidt, Carlos Borges.
  </subfield>
 </datafield>
 <datafield ind1="1" ind2="0" tag="600">
  <subfield code="a">
   Shaffer, Kay.
  </subfield>
 </datafield>
 <datafield ind1="1" ind2="0" tag="600">
  <subfield code="a">
   Silva, Alcionilio Bruzzi Alves da,
  </subfield>
  <subfield code="d">
   1901-
  </subfield>
 </datafield>
 <datafield ind1="1" ind2="0" tag="600">
  <subfield code="a">
   Silva, José Calasans Brandão da.
  </subfield>
 </datafield>
 <datafield ind1="1" ind2="0" tag="600">
  <subfield code="a">
   Siqueira, Baptista,
  </subfield>
  <subfield code="d">
   1906-1992.
  </subfield>
 </datafield>
 <datafield ind1="1" ind2="0" tag="600">
  <subfield code="a">
   Souza, Yvonildo de.
  </subfield>
 </datafield>
 <datafield ind1="1" ind2="0" tag="600">
  <subfield code="a">
   Spalding, Walter,
  </subfield>
  <subfield code="d">
   1901-1976.
  </subfield>
 </datafield>
 <datafield ind1="1" ind2="0" tag="600">
  <subfield code="a">
   Thiéblot, Marcel Jules,
  </subfield>
  <subfield code="d">
   1924-
  </subfield>
 </datafield>
 <datafield ind1="1" ind2="0" tag="600">
  <subfield code="a">
   Thompson, Stith,
  </subfield>
  <subfield code="d">
   1885-1976.
  </subfield>
 </datafield>
 <datafield ind1=" " ind2="0" tag="650">
  <subfield code="a">
   Folklore
  </subfield>
  <subfield code="z">
   Brazil
  </subfield>
  <subfield code="y">
   20th century.
  </subfield>
 </datafield>
 <datafield ind1=" " ind2="0" tag="650">
  <subfield code="a">
   Folklore
  </subfield>
  <subfield code="z">
   Brazil
  </subfield>
  <subfield code="y">
   20th century
  </subfield>
  <subfield code="x">
   History and criticism.
  </subfield>
 </datafield>
 <datafield ind1=" " ind2="0" tag="650">
  <subfield code="a">
   Music
  </subfield>
  <subfield code="z">
   Brazil
  </subfield>
  <subfield code="x">
   History and criticism.
  </subfield>
 </datafield>
 <datafield ind1=" " ind2="0" tag="650">
  <subfield code="a">
   Folk literature
  </subfield>
  <subfield code="z">
   Latin America
  </subfield>
  <subfield code="y">
   20th century
  </subfield>
  <subfield code="x">
   History and criticism.
  </subfield>
 </datafield>
 <datafield ind1=" " ind2="0" tag="650">
  <subfield code="a">
   Folk drama, Brazilian
  </subfield>
  <subfield code="z">
   Brazil.
  </subfield>
 </datafield>
 <datafield ind1=" " ind2="0" tag="650">
  <subfield code="a">
   Folk music
  </subfield>
  <subfield code="z">
   Brazil
  </subfield>
  <subfield code="y">
   20th century
  </subfield>
  <subfield code="x">
   History and criticism.
  </subfield>
 </datafield>
 <datafield ind1=" " ind2="0" tag="650">
  <subfield code="a">
   Folk music
  </subfield>
  <subfield code="z">
   Latin America
  </subfield>
  <subfield code="y">
   20th century
  </subfield>
  <subfield code="x">
   History and criticism.
  </subfield>
 </datafield>
 <datafield ind1=" " ind2="0" tag="650">
  <subfield code="a">
   Brazilian literature
  </subfield>
  <subfield code="y">
   20th century.
  </subfield>
 </datafield>
 <datafield ind1=" " ind2="0" tag="650">
  <subfield code="a">
   Brazilian poetry
  </subfield>
  <subfield code="y">
   20th century.
  </subfield>
 </datafield>
 <datafield ind1=" " ind2="0" tag="650">
  <subfield code="a">
   Dance
  </subfield>
  <subfield code="z">
   Brazil
  </subfield>
  <subfield code="y">
   20th century.
  </subfield>
 </datafield>
 <datafield ind1=" " ind2="0" tag="650">
  <subfield code="a">
   Dance
  </subfield>
  <subfield code="z">
   Latin America
  </subfield>
  <subfield code="y">
   20th century.
  </subfield>
 </datafield>
 <datafield ind1=" " ind2="0" tag="650">
  <subfield code="a">
   Folklorists
  </subfield>
  <subfield code="z">
   Latin America.
  </subfield>
 </datafield>
 <datafield ind1=" " ind2="0" tag="650">
  <subfield code="a">
   Folklore
  </subfield>
  <subfield code="z">
   Chile.
  </subfield>
 </datafield>
 <datafield ind1=" " ind2="0" tag="650">
  <subfield code="a">
   Folklore
  </subfield>
  <subfield code="z">
   Cuba.
  </subfield>
 </datafield>
 <datafield ind1=" " ind2="0" tag="650">
  <subfield code="a">
   Folklore
  </subfield>
  <subfield code="z">
   Mexico.
  </subfield>
 </datafield>
 <datafield ind1=" " ind2="0" tag="650">
  <subfield code="a">
   Black people
  </subfield>
  <subfield code="z">
   Brazil
  </subfield>
  <subfield code="v">
   Music.
  </subfield>
 </datafield>
 <datafield ind1=" " ind2="0" tag="650">
  <subfield code="a">
   Carnival.
  </subfield>
 </datafield>
 <datafield ind1=" " ind2="0" tag="650">
  <subfield code="a">
   Christmas
  </subfield>
  <subfield code="x">
   Folklore
  </subfield>
  <subfield code="z">
   Brazil.
  </subfield>
 </datafield>
 <datafield ind1=" " ind2="0" tag="650">
  <subfield code="a">
   Epiphany
  </subfield>
  <subfield code="x">
   Folklore
  </subfield>
  <subfield code="z">
   Brazil.
  </subfield>
 </datafield>
 <datafield ind1=" " ind2="0" tag="650">
  <subfield code="a">
   Folk poetry
  </subfield>
  <subfield code="z">
   Brazil.
  </subfield>
 </datafield>
 <datafield ind1=" " ind2="0" tag="650">
  <subfield code="a">
   Musical instruments
  </subfield>
  <subfield code="z">
   Brazil.
  </subfield>
 </datafield>
 <datafield ind1=" " ind2="0" tag="650">
  <subfield code="a">
   Proverbs
  </subfield>
  <subfield code="z">
   Brazil.
  </subfield>
 </datafield>
 <datafield ind1=" " ind2="0" tag="650">
  <subfield code="a">
   Saints
  </subfield>
  <subfield code="x">
   Folklore
  </subfield>
  <subfield code="z">
   Brazil.
  </subfield>
 </datafield>
 <datafield ind1=" " ind2="0" tag="650">
  <subfield code="a">
   Santeria
  </subfield>
  <subfield code="z">
   Cuba.
  </subfield>
 </datafield>
 <datafield ind1=" " ind2="0" tag="650">
  <subfield code="a">
   Traditional medicine
  </subfield>
  <subfield code="z">
   Brazil.
  </subfield>
 </datafield>
 <datafield ind1=" " ind2="0" tag="650">
  <subfield code="a">
   Aymara Indians.
  </subfield>
 </datafield>
 <datafield ind1=" " ind2="0" tag="650">
  <subfield code="a">
   Kamaiurá Indians
  </subfield>
  <subfield code="x">
   Rites and ceremonies.
  </subfield>
 </datafield>
 <datafield ind1=" " ind2="0" tag="650">
  <subfield code="a">
   Nambicuara Indians
  </subfield>
  <subfield code="v">
   Music.
  </subfield>
 </datafield>
 <datafield ind1=" " ind2="0" tag="650">
  <subfield code="a">
   Opaye Indians.
  </subfield>
 </datafield>
 <datafield ind1=" " ind2="0" tag="650">
  <subfield code="a">
   Tepehua Indians.
  </subfield>
 </datafield>
 <datafield ind1=" " ind2="0" tag="650">
  <subfield code="a">
   Folklore
  </subfield>
  <subfield code="x">
   Congresses
  </subfield>
  <subfield code="z">
   Brazil.
  </subfield>
 </datafield>
 <datafield ind1=" " ind2="0" tag="650">
  <subfield code="a">
   Folklore
  </subfield>
  <subfield code="z">
   Argentina.
  </subfield>
 </datafield>
 <datafield ind1=" " ind2="0" tag="650">
  <subfield code="a">
   Folk music
  </subfield>
  <subfield code="z">
   Bolivia.
  </subfield>
 </datafield>
 <datafield ind1=" " ind2="0" tag="650">
  <subfield code="a">
   Folk music
  </subfield>
  <subfield code="z">
   Chile.
  </subfield>
 </datafield>
 <datafield ind1=" " ind2="0" tag="650">
  <subfield code="a">
   Folk music
  </subfield>
  <subfield code="z">
   Colombia.
  </subfield>
 </datafield>
 <datafield ind1=" " ind2="0" tag="650">
  <subfield code="a">
   Folk music
  </subfield>
  <subfield code="z">
   Cuba.
  </subfield>
 </datafield>
 <datafield ind1=" " ind2="0" tag="650">
  <subfield code="a">
   Folklore
  </subfield>
  <subfield code="z">
   Ecuador.
  </subfield>
 </datafield>
 <datafield ind1=" " ind2="0" tag="650">
  <subfield code="a">
   Folk music
  </subfield>
  <subfield code="z">
   Mexico.
  </subfield>
 </datafield>
 <datafield ind1=" " ind2="0" tag="650">
  <subfield code="a">
   Folklore
  </subfield>
  <subfield code="z">
   Puerto Rico.
  </subfield>
 </datafield>
 <datafield ind1=" " ind2="0" tag="650">
  <subfield code="a">
   Folklore
  </subfield>
  <subfield code="z">
   Uruguay.
  </subfield>
 </datafield>
 <datafield ind1=" " ind2="0" tag="650">
  <subfield code="a">
   Folklore
  </subfield>
  <subfield code="z">
   Paraguay.
  </subfield>
 </datafield>
 <datafield ind1=" " ind2="0" tag="650">
  <subfield code="a">
   Folk music
  </subfield>
  <subfield code="z">
   Venezuela.
  </subfield>
 </datafield>
 <datafield ind1=" " ind2="0" tag="651">
  <subfield code="a">
   Brazil
  </subfield>
  <subfield code="x">
   Ethnology.
  </subfield>
 </datafield>
 <datafield ind1=" " ind2="0" tag="651">
  <subfield code="a">
   Brazil
  </subfield>
  <subfield code="x">
   Social life and customs.
  </subfield>
 </datafield>
 <datafield ind1=" " ind2="0" tag="651">
  <subfield code="a">
   Brazil
  </subfield>
  <subfield code="x">
   Religious life and customs.
  </subfield>
 </datafield>
 <datafield ind1=" " ind2="0" tag="651">
  <subfield code="a">
   Venezuela
  </subfield>
  <subfield code="x">
   Social life and customs.
  </subfield>
 </datafield>
 <datafield ind1=" " ind2="7" tag="655">
  <subfield code="a">
   Articles.
  </subfield>
  <subfield code="2">
   aat
  </subfield>
 </datafield>
 <datafield ind1=" " ind2="7" tag="655">
  <subfield code="a">
   Poems.
  </subfield>
  <subfield code="2">
   aat
  </subfield>
 </datafield>
 <datafield ind1=" " ind2="7" tag="655">
  <subfield code="a">
   Bibliographies.
  </subfield>
  <subfield code="2">
   lcgft
  </subfield>
 </datafield>
 <datafield ind1="1" ind2=" " tag="700">
  <subfield code="a">
   Azevedo, Luiz Heitor Corrêa de,
  </subfield>
  <subfield code="e">
   collector.
  </subfield>
 </datafield>
 <datafield ind1=" " ind2=" " tag="852">
  <subfield code="a">
   Library of Congress
  </subfield>
  <subfield code="b">
   Archive of Folk Culture, American Folklife Center,
  </subfield>
  <subfield code="e">
   101 Independence Ave. S.E., Washington, DC USA 20540-4610
  </subfield>
  <subfield code="u">
   http://hdl.loc.gov/loc.afc/folklife.home
  </subfield>
 </datafield>
 <datafield ind1="4" ind2="2" tag="856">
  <subfield code="3">
   Finding aid
  </subfield>
  <subfield code="u">
   http://hdl.loc.gov/loc.afc/eadafc.af017004
  </subfield>
 </datafield>
 <datafield ind1=" " ind2=" " tag="985">
  <subfield code="a">
   afc/ead
  </subfield>
 </datafield>
 <datafield ind1=" " ind2=" " tag="985">
  <subfield code="a">
   afc/coll
  </subfield>
 </datafield>
 <datafield ind1=" " ind2=" " tag="985">
  <subfield code="a">
   afc/nac
  </subfield>
 </datafield>
</record>
